<record><leader>00000cas a22000007a 4500</leader><controlfield tag="001">25194290</controlfield><controlfield tag="008">920131d18741876ncuwr ne      0    0eng d</controlfield><datafield ind1=" " ind2=" " tag="010"><subfield code="a">sn 92072936 </subfield></datafield><datafield ind1=" " ind2=" " tag="040"><subfield code="a">NVJ</subfield><subfield code="b">eng</subfield><subfield code="c">NVJ</subfield><subfield code="d">OCLCQ</subfield></datafield><datafield ind1=" " ind2=" " tag="042"><subfield code="a">msc</subfield></datafield><datafield ind1="0" ind2=" " tag="130"><subfield code="a">Ansonian (Polkton, N.C)</subfield></datafield><datafield ind1="1" ind2="4" tag="245"><subfield code="a">The Ansonian.</subfield></datafield><datafield ind1=" " ind2=" " tag="260"><subfield code="a">Polkton, Anson Co., N.C. :</subfield><subfield code="b">L.L. Polk</subfield></datafield><datafield ind1=" " ind2=" " tag="300"><subfield code="a">v.</subfield></datafield><datafield ind1=" " ind2=" " tag="310"><subfield code="a">Weekly</subfield></datafield><datafield ind1="0" ind2=" " tag="362"><subfield code="a">Vol. 1, no. 1 (Apr. 16, 1874)-v. 2, no. 51 (Mar. 29, 1876).</subfield></datafield><datafield ind1=" " ind2=" " tag="752"><subfield code="a">United States</subfield><subfield code="b">North Carolina</subfield><subfield code="c">Anson</subfield><subfield code="d">Polkton.</subfield></datafield><datafield ind1="0" ind2="0" tag="785"><subfield code="t">Weekly Ansonian</subfield><subfield code="w">(DLC)sn 85026794</subfield></datafield></record>